<collection xmlns="http://www.loc.gov/MARC21/slim">
<record>
  <leader>01194nam0a2200265 i 450 </leader>
  <controlfield tag="001">IT\ICCU\CNCE\056041</controlfield>
  <controlfield tag="005">20100128000000.0</controlfield>
  <datafield tag="012" ind1=" " ind2=" ">
    <subfield code="a">ioia reia reia aiai (C) 1518 (R)</subfield>
    <subfield code="2">fei</subfield>
  </datafield>
  <datafield tag="100" ind1=" " ind2=" ">
    <subfield code="a">20040304d1518        0itac0103    ba</subfield>
  </datafield>
  <datafield tag="101" ind1=" " ind2=" ">
    <subfield code="a">ITA</subfield>
  </datafield>
  <datafield tag="102" ind1=" " ind2=" ">
    <subfield code="a">IT</subfield>
  </datafield>
  <datafield tag="200" ind1="1" ind2=" ">
    <subfield code="a">Hystoria et morte di Lucretia Romana</subfield>
  </datafield>
  <datafield tag="210" ind1=" " ind2=" ">
    <subfield code="e">Impresso in Milano</subfield>
    <subfield code="g">per Io. Iacobo di Rixi</subfield>
    <subfield code="g">ad instantia de meser Io. Iacobo et fratelli de Legnano</subfield>
    <subfield code="h">1518 adi XX de marzo</subfield>
  </datafield>
  <datafield tag="215" ind1=" " ind2=" ">
    <subfield code="a">\6! c.</subfield>
    <subfield code="d">4ʻ</subfield>
  </datafield>
  <datafield tag="10" ind1="I" ind2="T">
    <subfield code="I">CCU\CNCE\064380</subfield>
    <subfield code="1">2001 </subfield>
    <subfield code="a">Lucrezia romana</subfield>
  </datafield>
  <datafield tag="620" ind1=" " ind2=" ">
    <subfield code="a">IT</subfield>
    <subfield code="d">Milano</subfield>
  </datafield>
  <datafield tag="712" ind1="0" ind2="0">
    <subfield code="a">Risi, Giovanni Giacomo</subfield>
    <subfield code="3">IT\ICCU\CNCT\001136</subfield>
    <subfield code="4">650</subfield>
  </datafield>
  <datafield tag="712" ind1="0" ind2="0">
    <subfield code="a">Da_Legnano, Giovanni Giacomo &amp; fratelli</subfield>
    <subfield code="3">IT\ICCU\CNCT\001554</subfield>
    <subfield code="4">650</subfield>
  </datafield>
  <datafield tag="791" ind1="0" ind2="0">
    <subfield code="a">Rixis, Iacobus de</subfield>
    <subfield code="3">IT\ICCU\CNCT\002562</subfield>
    <subfield code="z">Risi, Giovanni Giacomo</subfield>
  </datafield>
  <datafield tag="791" ind1="0" ind2="0">
    <subfield code="a">Rizzi, Giovanni Giacomo</subfield>
    <subfield code="3">IT\ICCU\CNCT\002563</subfield>
    <subfield code="z">Risi, Giovanni Giacomo</subfield>
  </datafield>
  <datafield tag="791" ind1="0" ind2="0">
    <subfield code="a">Ricci, Giovanni Giacomo</subfield>
    <subfield code="3">IT\ICCU\CNCT\004070</subfield>
    <subfield code="z">Risi, Giovanni Giacomo</subfield>
  </datafield>
  <datafield tag="791" ind1="0" ind2="0">
    <subfield code="a">Rixi, Ioan. Iacobo</subfield>
    <subfield code="3">IT\ICCU\CNCT\005380</subfield>
    <subfield code="z">Risi, Giovanni Giacomo</subfield>
  </datafield>
  <datafield tag="791" ind1="0" ind2="0">
    <subfield code="a">Risius, Joannes Jacobus</subfield>
    <subfield code="3">IT\ICCU\CNCT\005381</subfield>
    <subfield code="z">Risi, Giovanni Giacomo</subfield>
  </datafield>
  <datafield tag="801" ind1=" " ind2="3">
    <subfield code="a">IT</subfield>
    <subfield code="b">ICCU</subfield>
    <subfield code="c">20201115</subfield>
  </datafield>
  <datafield tag="899" ind1=" " ind2=" ">
    <subfield code="a">Biblioteca Riccardiana. Firenze</subfield>
    <subfield code="1">FI0094</subfield>
    <subfield code="2">CFI RF</subfield>
  </datafield>
</record>
</collection>
